@misc{standards_ieee802_11_timeline,
    author={IEEE},
    title={{Official IEEE 802.11 Working Group Project Timelines}},
    year={2022},
    howpublished={\url{https://www.ieee802.org/11/Reports/802.11_Timelines.htm}}
}

@misc{ieee802_11_ac_white_paper,
    title={{802.11ac Technology Introduction White Paper}},
    year={2012},
    author={Lisa Ward},
    howpublished={\url{https://scdn.rohde-schwarz.com/ur/pws/dl_downloads/dl_application/application_notes/1ma192/1MA192_7e_80211ac_technology.pdf}}
}

@misc{ieee802_11_ax_white_paper,
    title={{Introduction to 802.11ax High-Efficiency Wireless}},
    year={2022},
    howpublished={\url{https://www.ni.com/ro-ro/innovations/white-papers/16/introduction-to-802-11ax-high-efficiency-wireless.html}}
}

@misc{standards_ieee802_11_overview,
    title={{802.11x: Wi-Fi standards and speeds explained}},
    year={2022},
    author={Keith Shaw},
    howpublished={\url{https://www.networkworld.com/article/3238664/80211x-wi-fi-standards-and-speeds-explained.html}}
}

@misc{OFMDA,
    title={{What Is OFDMA?}},
    year={2022},
    howpublished={\url{https://www.cisco.com/c/en/us/products/wireless/what-is-ofdma.html}}
}

@misc{MU_MIMO,
    title={{What Is MU-MIMO and Why Do You Need It?}},
    year={2022},
    howpublished={\url{https://www.linksys.com/what-is-mu-mimo.html}}
}

@misc{data_offloading_wiki,
    title={{Mobile data offloading}},
    year={2022},
    howpublished={\url{https://www.wikiwand.com/en/Mobile_data_offloading}}
}

@misc{info_802_11ax__q_and_a,
    title={{Informații despre 802.11ax în formatul Q&A}},
    year={2022},
    howpublished={\url{https://www.extremenetworks.com/wifi6/what-is-80211ax/}}
}

@misc{info_802_11ax__venues,
    title={{Wi-Fi 6 for Sports & Venues: 4 Things You Should Know}},
    year={2020},
    author={Ryan Hall}
    howpublished={\url{https://www.extremenetworks.com/extreme-networks-blog/wi-fi-6-for-sports-venues-4-things-you-should-know/}}
}

@misc{info_802_11ax__features,
    title={{3 Reasons Why 802.11ax Will Change Wi-Fi Forever}},
    year={2019},
    howpublished={\url{https://www.actiontec.com/three-reasons-why-802-11ax-will-change-wi-fi-forever/}}
}

@misc{AP_comparison,
    title={{Best wireless access point of 2022}},
    year={2022},
    author={Mark B},
    howpublished={\url{https://www.mbreviews.com/best-wireless-access-points/}}
}

@misc{wireless_mesh_network_wiki,
    title={{Wireless mesh network}},
    year={2022},
    howpublished={\url{https://www.wikiwand.com/en/Wireless_mesh_network}}
}


@misc{beamforming,
    title={{Ce-i beamforming și de ce acesta îmbunătățește RFF}},
    year={2022},
    author={Keith Shaw},
    howpublished={\url{https://www.networkworld.com/article/3445039/beamforming-explained-how-it-makes-wireless-communication-faster.html}}
}

@misc{beamforming,
    title={{Diferențele între PoE, PoE+ și PoE++}},
    year={2020},
    author={Rohit Kumar},
    howpublished={\url{https://www.servethehome.com/key-differences-of-poe-vs-poe-vs-poe-switches/}}
}

@misc{five_gbe,
    title={{2.5GBE and 5Gbe NAS Explained}},
    year={2020},
    author={NASCompares},
    howpublished={\url{https://youtu.be/JjliZScYG7Y}}
}

@misc{tech_802_11az,
    title={{802.11az Positioning Using Super-Resolution Time of Arrival Estimation}},
    year={2020},
    howpublished={\url{https://www.mathworks.com/help/wlan/ug/802-11az-indoor-positioning-using-super-resolution-time-of-arrival-estimation.html}}
}

@mastersthesis{fine_timing_measurement,
    title={{Smartphone-based Indoor Positioning Using Wi-Fi Fine Timing Measurement Protocol}},
    year={2019},
    author={Sami Huilla},
    school={University of Turku},
    note={\url{https://core.ac.uk/download/pdf/233003516.pdf}}
}

@misc{802_11bd,
    title={{IEEE 802.11bd & 5G NR V2X: Evolution of Radio Access Technologies for V2X Communications}},
    year={2019},
    howpublished={\url{https://ieeexplore.ieee.org/document/8723326}}
}

@misc{802_11bf,
    title={{An Overview on IEEE 802.11bf: WLAN Sensing}},
    year={2022},
    author={Hailiang Xie, Rui Du et al.},
    howpublished={\url{https://arxiv.org/abs/2207.04859}}
}

@misc{802_11bh_youtube,
    title={{Understanding IEEE 802.11bh - Randomized and Changing MAC Addresses (RCM) : Best Practices Webinar}},
    year={2021},
    author={7SIGNAL},
    howpublished={\url{https://youtu.be/3ec7KfHPOf0}}
}

@misc{802_11bh_privacy_and_ease_of_use,
    title={{Data Privacy and Ease-of-Use in Wireless Networks}},
    year={2021},
    author={Photo of IEEE SA Working Groups IEEE SA Working Groups},
    howpublished={\url{https://beyondstandards.ieee.org/data-privacy-and-ease-of-use-in-wireless-networks/}}
}